@manual{mit65,
	editor = "P. A. Crisman",
	title = "The Compatible Time-Sharing System: A Programmer's Guide",
	publisher = "The M.I.T. Press",
	year = "1965"
}

@techreport{mcafee11,
	title = "McAfee Internet Home Users Survey",
	institution = "National Cyber Cecurity Alliance / McAfee / Zogby Int'l",
	month = "October",
	year = "2011"
}

@article{floren07,
	title = "A Large-Scale Study of Web Password Habits",
	author = "Dinei Florencio and Cormac Herley",
	publisher = "Microsoft Research",
	journal = "Microsoft Research",
	year = "2007"
}

@article{ives04,
	title = "The Domino Effect of Password Reuse",
	author = " Blake Ives, Kenneth R. Walsh, and Helmut Schneider",
	journal = "Communications of the ACM",
	volume = "47",
	number = "4",
	month = "April",
	year = "2004"
}

@article{eadic14,
	title = "Passwords Are A Horrible Way To Keep Us Safe",
	author = "Lisa Eadicicco",
	journal = "The Business Insider",
	day = "11",
	month = "May",
	year = "2014"
}

@article{tanaka12,
	title = "Replacing the password: More secure high-tech alternatives to traditional alphanumerics",
	author = "Edward Tessen Tanaka",
	day = "22",
	month = "March",
	year = "2012"
}

@article{simon14
	title = "A Physical Key to Your Google Account",
	author = "Tom Simonite",
	day = "21",
	month = "October",
	year = "2014"
}

@article{adams99,
	title = "Users are not the Enemy",
	author = "Anne Adams and Martina Angela Sasse",
	journal = "Communications of the ACM",
	volume = "42",
	number = "12",
	month = "December",
	year = "1999"	
}