@manual{mit65,
	editor = "P. A. Crisman",
	title = "The Compatible Time-Sharing System: A Programmer's Guide",
	publisher = "The M.I.T. Press",
	year = "1965",
	url = "https://archive.org/stream/bitsavers_mitctssCTSc69_26767392/CTSS_ProgrammersGuide_Dec69_djvu.txt"
}

@techreport{mcafee
	title = "2011 NCSA / McAfee Internet Home Users Survey",
	institution = "National Cyber Cecurity Alliance / McAfee / Zogby Int'l",
	month = "October",
	year = "2011"
}